

@online{evaluation,
  author = {Tomasz Michniewski},
  title = {Simplified evaluation function},
  url = {https://chessprogramming.wikispaces.com/Simplified+evaluation+function},
  urldate = {2018-06-18}
}

@online{minimax,
  author = {Gauthier Picard},
  title = {Artificial Intelligence - Implementing Minimax with Prolog},
  url = {https://www.emse.fr/~picard/cours/ai/minimax/},
  urldate = {2018-06-18}
}

@online{alpha-beta,
  author = {Gauthier Picard},
  title = {Programmierkurs Prolog},
  url = {http://www-ai.cs.uni-dortmund.de/LEHRE/PROLOG/FOLIEN/Folien_Suchprobleme.pdf},
  urldate = {2018-06-18}
}
